@url{pysos,
  title = {http://enaweb.eng.yale.edu/drupal/pysos},
  author = {PySOS},
  journal = {http://enaweb.eng.yale.edu/drupal/pysos},
  year = 2007,
}

@article{berkeley-dr,
  title = {Demand Response Enabling Technology Development},
  author = {E. Arens et al},
  journal = {Report to CEC Public Interest Energy Research (PIER) Program, Center for the Built Environment, University of California, Berkeley},
  year = 2006,
  month = April,
}
