@url{pysos,
  title = {http://enaweb.eng.yale.edu/drupal/pysos},
  author = {PySOS},
  journal = {http://enaweb.eng.yale.edu/drupal/pysos},
  year = 2007,
}

@article{berkeley-dr,
  title = {Demand Response Enabling Technology Development},
  author = {E. Arens et al},
  journal = {Report to CEC Public Interest Energy Research (PIER) Program, Center for the Built Environment, University of California, Berkeley},
  year = 2006,
  month = April,
}

@article{RSSI_yale, 
  title = { An Empirical Analysis of Radio Signal Strength Variability in IEEE 802.15.4 Networks using Monopole Antennas},
  author = {D. Lymberopoulos, Q. Lindsey and A. Savvides},
  journal = {ENALAB Technical Report 050501},
  year = 2006,
}

@ARTICLE{panasonic,
  author = {Panasonic Industrial Company},
  title = {{Industrial Alkaline Battery Specifications, AM-3PI}},
  year = {http://www.panasonic.com/batteries}
}

@book{binary_detection,
  author = {R. N. McDonough and A.D. Whalen},
  title = {{Detection of Signals in Noise, 2nd edition, Academic Press}},
  year = 1995,
}

@article{pairing_problem,
  author = {David Jea, Ian S Yap, Mani B Srivastava},
  title = {{User Access of Public Shared Devices in Pervasive Computing Environments}},
  journal = {Workshop On High Confidence Medical Devices, Software, and Systems (HCMDSS)},
  year = 2007,
  month = June,
}

@unpublished{micaz,
  author = {Crossbow Technology Inc.},
  title = {MICAz 2.4 GHz},
  year =
  {http://www.xbow.com/}
}

@unpublished{wattsup,
  author = {Electronic Educational Devices},
  title = {Watts Up? Pro},
  year =
  {http://www.wattsupmeters.com/}
}

@url{UNESCAP,
  title = {the Guidebook on Promotion of Sustainable Energy Consumption},
  author = {Vo-Kyong Song,Adrian J. Bradbrook, Jong-Duck Kim, Kwisun Huh, Brahmanand Mohanty, Jai Ok Kim, Ren Jing, Lau Yin Hing, Connie, Mattana Homlaor},
  journal = {United Nations, ESCAP},
}

@article{RSSI_local,
  author = {Cesare Alippi, Giovanni Vanini},
  title = {A RSSI-based and calibrated centralized localization technique for Wireless Sensor Networks},
  journal = {PERCOMW}
  year = 2006,
       month = March,
}

@article{RSSI_local2,
  author = {M. Sugano, T. Kawazoe, Y. Ohta, and M. Murata},
  title = { Indoor Localization System using RSSI Measurement of Wireless Sensor Network based on ZigBee Standard},
  journal = {Wireless Sensor Networks},
  year = 2006,
  month = July,
}
@misc{sensorbase.org,
  title = {SensorBase.org - A Centralized Repository to Slog Sensor Network
    Data},
  address = {Los Angeles},
  author = {Kevin Chang and Nathan Yau and Mark Hansen and Deborah Estrin},
  organization = {CENS},
  school = {UCLA},
  url =
  {http://research.cens.ucla.edu/projects/2006/Systems_Infrastructure/SensorBase/default.htm},
  year = {2006},
  keywords = {sensorbase sensorbase.org sensornet slog slogging }
} 

@inproceedings{sos05mobisys,
 author = {Chih-Chieh Han and Ram Kumar and Roy Shea and Eddie Kohler and
Mani Srivastava},
 title = {A dynamic operating system for sensor nodes},
 booktitle = {MobiSys '05: Proceedings of the 3rd international conference
on Mobile systems, applications, and services},
 year = {2005},
 isbn = {1-931971-31-5},
 pages = {163--176},
 location = {Seattle, Washington},
 doi = {http://doi.acm.org/10.1145/1067170.1067188},
 publisher = {ACM Press},
 address = {New York, NY, USA},
 }

@article{MEMS_scavenging,
author = {Eli S. Leland, Richard M. White, Paul K. Wright},
title = {Energy scavenging power sources for household electrical monitoring},
journal = {PowerMEMS},
year = 2006,
month = Dec,
}

